<?xml version="1.0" encoding="UTF-8" ?>
<collection xmlns:xsi="http://www.w3.org/2001/XMLSchema-instance"
    xsi:schemaLocation="http://www.loc.gov/MARC21/slim
        http://www.loc.gov/standards/marcxml/schema/MARC21slim.xsd"
    xmlns="http://www.loc.gov/MARC21/slim">
<record>
  <leader>00292cam a2200577 i 4500</leader>
  <controlfield tag="001">b12371385</controlfield>
  <controlfield tag="003">LeBAU</controlfield>
  <controlfield tag="005">20180220</controlfield>
  <controlfield tag="008">970228s1951    ua            ||0 0 ara d</controlfield>
  <datafield tag="035" ind1=" " ind2=" ">
    <subfield code="a">ocn784284712</subfield>
  </datafield>
  <datafield tag="040" ind1=" " ind2=" ">
    <subfield code="a">LEAUB</subfield>
    <subfield code="b">ara</subfield>
    <subfield code="e">rda</subfield>
    <subfield code="c">LEAUB</subfield>
    <subfield code="d">LEAUB</subfield>
  </datafield>
  <datafield tag="082" ind1="0" ind2="4">
    <subfield code="a">297.1226</subfield>
    <subfield code="2">22</subfield>
  </datafield>
  <datafield tag="100" ind1="1" ind2=" ">
    <subfield code="6">880-01</subfield>
    <subfield code="a">Fīrūzābādī, Muḥammad ibn Yaʻqūb,</subfield>
    <subfield code="d">1329-1414 or 1415,</subfield>
    <subfield code="e">author.</subfield>
  </datafield>
  <datafield tag="245" ind1="1" ind2="0">
    <subfield code="6">880-02</subfield>
    <subfield code="a">Tanwīr al-miqyās min Tafsīr Ibn ʻAbbās /</subfield>
    <subfield code="c">li-Abī Ṭāhir Muḥammad ibn Yaʻqūb al-Fayrūzabādī al-Shīrāzī al-Shāfiʻī, ṣāḥib al-qāmūs al-mutawaffá sanat 817 Hijrīyah. Wa-bi-al-hāmish Kitāb lubāb al-nuqūl fī asbāb al-nuzūl / lil-Jalāl al-Suyūṭī. Kitāb fī maʻrifat al-nāsikh wa-al-mansūkh / li-Abī ʻAbd Allāh Muḥammad ibn Ḥazm.</subfield>
  </datafield>
  <datafield tag="246" ind1="3" ind2="0">
    <subfield code="6">880-03</subfield>
    <subfield code="a">Lubāb al-nuqūl fī asbāb al-nuzūl</subfield>
  </datafield>
  <datafield tag="246" ind1="3" ind2="0">
    <subfield code="6">880-04</subfield>
    <subfield code="a">Nāsikh wa-al-Manskūh</subfield>
  </datafield>
  <datafield tag="246" ind1=" " ind2=" ">
    <subfield code="6">880-10</subfield>
    <subfield code="a">لباب النقول في أسباب النزول</subfield>
  </datafield>
  <datafield tag="246" ind1=" " ind2=" ">
    <subfield code="6">880-11</subfield>
    <subfield code="a">معرفة الناسخ والمنسوخ</subfield>
  </datafield>
  <datafield tag="250" ind1=" " ind2=" ">
    <subfield code="6">880-05</subfield>
    <subfield code="a">al-Ṭabʻah al-thānīyah.</subfield>
  </datafield>
  <datafield tag="264" ind1=" " ind2="1">
    <subfield code="6">880-06</subfield>
    <subfield code="a">Miṣr :</subfield>
    <subfield code="b">Sharikat Maktabat wa-Maṭbaʻat Muṣṭafá al-Bābī al-Ḥalabī wa-Awlāduh,</subfield>
    <subfield code="c">1370 H. = 1951 M.</subfield>
  </datafield>
  <datafield tag="300" ind1=" " ind2=" ">
    <subfield code="6">880-07</subfield>
    <subfield code="a">400 pages ;</subfield>
    <subfield code="c">28 cm</subfield>
  </datafield>
  <datafield tag="336" ind1=" " ind2=" ">
    <subfield code="a">text</subfield>
    <subfield code="b">txt</subfield>
    <subfield code="2">rdacontent</subfield>
  </datafield>
  <datafield tag="337" ind1=" " ind2=" ">
    <subfield code="a">unmediated</subfield>
    <subfield code="b">n</subfield>
    <subfield code="2">rdamedia</subfield>
  </datafield>
  <datafield tag="338" ind1=" " ind2=" ">
    <subfield code="a">volume</subfield>
    <subfield code="b">nc</subfield>
    <subfield code="2">rdacarrier</subfield>
  </datafield>
  <datafield tag="600" ind1="0" ind2="4">
    <subfield code="a">عبد الله بن العباس،</subfield>
    <subfield code="d">-688؟.</subfield>
    <subfield code="t">تفسير إبن عباس.</subfield>
  </datafield>
  <datafield tag="600" ind1="0" ind2="0">
    <subfield code="a">ʻAbd Allāh ibn al-ʻAbbās,</subfield>
    <subfield code="d">-688?.</subfield>
    <subfield code="t">Tafsīr ibn ʻAbbās.</subfield>
  </datafield>
  <datafield tag="630" ind1="0" ind2="4">
    <subfield code="a">قرآن</subfield>
    <subfield code="x">تفسير وتأويل</subfield>
    <subfield code="v">اعمال قديمة حتى 1800.</subfield>
  </datafield>
  <datafield tag="630" ind1="0" ind2="4">
    <subfield code="a">قرآن</subfield>
    <subfield code="x">تاريخ الاحداث القرآنية</subfield>
    <subfield code="v">اعمال قديمة حتى 1800.</subfield>
  </datafield>
  <datafield tag="630" ind1="0" ind2="4">
    <subfield code="a">قرآن</subfield>
    <subfield code="x">أسباب النزول</subfield>
    <subfield code="v">اعمال قديمة حتى 1800.</subfield>
  </datafield>
  <datafield tag="630" ind1="0" ind2="0">
    <subfield code="a">Qur'an</subfield>
    <subfield code="x">Hermeneutics</subfield>
    <subfield code="v">Early works to 1800.</subfield>
  </datafield>
  <datafield tag="630" ind1="0" ind2="0">
    <subfield code="a">Qur'an</subfield>
    <subfield code="x">History of Qurʼanic events</subfield>
    <subfield code="v">Early works to 1800.</subfield>
  </datafield>
  <datafield tag="700" ind1="0" ind2="2">
    <subfield code="6">880-08</subfield>
    <subfield code="a">Suyūṭī,</subfield>
    <subfield code="d">1445-1505.</subfield>
    <subfield code="t">Lubāb al-nuqūl fī asbāb al-nuzūl.</subfield>
  </datafield>
  <datafield tag="700" ind1="0" ind2="2">
    <subfield code="6">880-09</subfield>
    <subfield code="a">Ibn Ḥazm, ʻAlī ibn Aḥmad,</subfield>
    <subfield code="d">994-1064.</subfield>
    <subfield code="t">Nāsikh wa-al-Manskūh.</subfield>
  </datafield>
  <datafield tag="775" ind1="0" ind2=" ">
    <subfield code="6">880-10</subfield>
    <subfield code="i">has designation of edition</subfield>
    <subfield code="4">http://rdaregistry.info/Elements/m/P30133:</subfield>
    <subfield code="t">Tafsīr sayyidī ʻAbd Allāh ibn ʻAbbās al-musamá Tanwīr al-miqyās min Tafsīr Ibn ʻAbbās.</subfield>
    <subfield code="b">al-Ṭabʻah al-ūlá.</subfield>
    <subfield code="d">al-Qāhirah : al-Mabṭaʻah al-Azharyahī, 1316 H., [1898?]</subfield>
    <subfield code="w">(OCoLC)784559216</subfield>
    <subfield code="w">(OCoLC)784559216</subfield>
  </datafield>
  <datafield tag="852" ind1=" " ind2=" ">
    <subfield code="a">Jafet Library</subfield>
    <subfield code="e">American University of Beirut, Bliss Street , Beirut, Lebanon.</subfield>
  </datafield>
  <datafield tag="880" ind1="1" ind2=" ">
    <subfield code="6">100-01/(3/r</subfield>
    <subfield code="a">الفيروزآبادي، محمد بن يعقوب،</subfield>
    <subfield code="d">1329-1414 او 1415،</subfield>
    <subfield code="e">مؤلف. </subfield>
    <subfield code="4">aut.</subfield>
  </datafield>
  <datafield tag="880" ind1="1" ind2="0">
    <subfield code="6">245-02/(3/r</subfield>
    <subfield code="a">تنوير المقياس من تفسير إبن عباس /</subfield>
    <subfield code="c">لأبي طاهر محمد بن يعقوب الفيروزابادي الشيرازي الشافعي، صاحب القاموس المتوفي سنة 817 هجرية. وبالهامش كتاب لباب النقول في أسباب النزول / للجلال السيوطي. كتاب في معرفة الناسخ والمنسوخ / لأبي عبد الله محمد بن حزم.</subfield>
  </datafield>
  <datafield tag="880" ind1="3" ind2="0">
    <subfield code="6">246-03/(3/r</subfield>
    <subfield code="a">كتاب لباب النقول في أسباب النزول</subfield>
  </datafield>
  <datafield tag="880" ind1="3" ind2="0">
    <subfield code="6">246-04/(3/r</subfield>
    <subfield code="a">كتاب في معرفة الناسخ والمنسوخ</subfield>
  </datafield>
  <datafield tag="880" ind1=" " ind2=" ">
    <subfield code="6">250-05/(3/r</subfield>
    <subfield code="a">الطبعة الثانية.</subfield>
  </datafield>
  <datafield tag="880" ind1=" " ind2="1">
    <subfield code="6">264-06/(3/r</subfield>
    <subfield code="a">مصر :</subfield>
    <subfield code="b">شركة مكتبة ومطبعة مصطفى البابي الحلبي وأولاده،</subfield>
    <subfield code="c">1370 هـ. = 1951 م.</subfield>
  </datafield>
  <datafield tag="880" ind1=" " ind2=" ">
    <subfield code="6">300-07/(3/r</subfield>
    <subfield code="a">400 صفحة ؛</subfield>
    <subfield code="c">28 سم</subfield>
  </datafield>
  <datafield tag="880" ind1="0" ind2="2">
    <subfield code="6">700-08/(3/r</subfield>
    <subfield code="a">السيوطي،</subfield>
    <subfield code="d">1445-1505.</subfield>
    <subfield code="t">لباب النقول في أسباب النزول.</subfield>
  </datafield>
  <datafield tag="880" ind1="0" ind2="2">
    <subfield code="6">700-09/(3/r</subfield>
    <subfield code="a">ابن حزم، علي بن احمد،</subfield>
    <subfield code="d">944-1064.</subfield>
    <subfield code="t">الناسخ والمنسوخ.</subfield>
  </datafield>
  <datafield tag="880" ind1="0" ind2=" ">
    <subfield code="6">775-10/(3/r</subfield>
    <subfield code="i">دلالة على الطبعة</subfield>
    <subfield code="4">http://rdaregistry.info/Elements/m/P30133:</subfield>
    <subfield code="t">تفسير سيدي عبد الله بن عباس المسمى تنوير المقياس من تفسير إبن عباس.</subfield>
    <subfield code="b">الطبعة الأولى.</subfield>
    <subfield code="d">القاهرة : المطبعة الأزهرية، 1316 هـ.، [1898؟ م.]</subfield>
    <subfield code="w">b12371385</subfield>
    <subfield code="w">(OCoLC)784559216</subfield>
  </datafield>
  <datafield tag="880" ind1=" " ind2=" ">
    <subfield code="6">246-10/(3/r</subfield>
    <subfield code="a">Kitāb lubāb al-nuqūl fī asbāb al-nuzūl</subfield>
  </datafield>
  <datafield tag="880" ind1=" " ind2=" ">
    <subfield code="6">246-11/(3/r</subfield>
    <subfield code="a">Kitāb fī maʻrifat al-nāsikh wa-al-mansūkh</subfield>
  </datafield>
  <datafield tag="907" ind1=" " ind2=" ">
    <subfield code="a">.b12371385</subfield>
    <subfield code="b">18-03-08</subfield>
    <subfield code="c">11-05-24</subfield>
  </datafield>
  <datafield tag="907" ind1=" " ind2=" ">
    <subfield code="a">.b12371385</subfield>
    <subfield code="b">15-10-15</subfield>
    <subfield code="c">11-05-24</subfield>
  </datafield>
  <datafield tag="945" ind1=" " ind2=" ">
    <subfield code="f">J</subfield>
    <subfield code="a">297.1226:F285tA:1951:c.1</subfield>
    <subfield code="i">00468796</subfield>
    <subfield code="j">.i12822954</subfield>
    <subfield code="l">u0503</subfield>
  </datafield>
  <datafield tag="998" ind1=" " ind2=" ">
    <subfield code="a">u05</subfield>
    <subfield code="b">97-02-28</subfield>
    <subfield code="c">m</subfield>
    <subfield code="d">a</subfield>
    <subfield code="e">-</subfield>
    <subfield code="f">ara</subfield>
    <subfield code="g">ua </subfield>
    <subfield code="h">0</subfield>
    <subfield code="i">1</subfield>
  </datafield>
</record>
</collection>
